@inproceedings{duque2025advantage,
  title={Advantage Alignment Algorithms},
  author={Juan Agustin Duque and Milad Aghajohari and Tim Cooijmans and Razvan Ciuca and Tianyu Zhang and Gauthier Gidel and Aaron Courville},
  booktitle={International Conference on Learning Representations (ICLR)},
  year={2025},
  url={https://openreview.net/forum?id=QFO1asgas2}
}

@inproceedings{ye2025differential,
  title={Differential Transformer},
  author={Ye, Tianzhu and Dong, Li and Xia, Yuqing and Sun, Yutao and Zhu, Yi and Huang, Gao and Wei, Furu},
  booktitle={International Conference on Learning Representations (ICLR)},
  year={2025},
  url={https://arxiv.org/abs/2410.05258}
}

@inproceedings{wallace2024diffusion,
  title={Diffusion Model Alignment Using Direct Preference Optimization},
  author={Wallace, Eric and others},
  booktitle={Proceedings of the IEEE/CVF Conference on Computer Vision and Pattern Recognition (CVPR)},
  year={2024},
}

@article{zhu2025transformers,
  title={Transformers without Normalization},
  author={Zhu, Jiachen and Chen, Xinlei and He, Kaiming and LeCun, Yann and Liu, Zhuang},
  booktitle={Proceedings of the IEEE/CVF Conference on Computer Vision and Pattern Recognition (CVPR)},
  year={2025},
  url={https://arxiv.org/abs/2503.10622}
}

@article{kerssies2025your,
  title={Your ViT is Secretly an Image Segmentation Model},
  author={Kerssies, Tommie and Cavagnero, NiccolÃ² and Hermans, Alexander and Norouzi, Narges and Averta, Giuseppe and Leibe, Bastian and Dubbelman, Gijs and de Geus, Daan},
  booktitle={Proceedings of the IEEE/CVF Conference on Computer Vision and Pattern Recognition (CVPR)},
  year={2025},
  url={https://arxiv.org/abs/2503.19108}
}

@article{li2025fractal,
  title={Fractal Generative Models},
  author={Li, Tianhong and Sun, Qinyi and Fan, Lijie and He, Kaiming},
  journal={arXiv preprint arXiv:2502.17437},
  year={2025},
  url={https://arxiv.org/abs/2502.17437}
}

@article{chen2025gaussian,
  title={Gaussian Mixture Flow Matching Models},
  author={Chen, Hansheng and Zhang, Kai and Tan, Hao and Xu, Zexiang and Luan, Fujun and Guibas, Leonidas and Wetzstein, Gordon and Bi, Sai},
  journal={arXiv preprint arXiv:2504.05304},
  year={2025},
  url={https://arxiv.org/abs/2504.05304}
}

@inproceedings{Li2025gps,
  title={{GPS}: {A} Probabilistic Distributional Similarity with Gumbel Priors for Set-to-Set Matching},
  author={Li, Runlin and Lou, Siyu and Liu, Ziao and Li, Yixuan and Sun, Lichao},
  booktitle={International Conference on Learning Representations},
  year={2025},
}

@article{xu2025conformal,
  title={On Conformal Isometry of Grid Cells: Learning Distance-Preserving Position Embedding},
  author={Xu, Dehong and Gao, Ruiqi and Zhang, Wen-Hao and Wei, Xue-Xin and Wu, Ying Nian},
  booktitle={International Conference on Learning Representations},
  year={2025},
}

@inproceedings{schug2025attention,
  title={Attention as a Hypernetwork},
  author={Schug, Simon and Kobayashi, Seijin and Akram, Yassir and Sacramento, Jo{\~a}o and Pascanu, Razvan},
  booktitle={International Conference on Learning Representations (ICLR)},
  year={2025},
  url={https://arxiv.org/abs/2406.05816}
}

@article{chen2025second,
  title={Second-Order Min-Max Optimization with Lazy Hessians},
  author={Chen, Lesi and Liu, Chengchang and Zhang, Jingzhao},
  booktitle={International Conference on Learning Representations},
  year={2025},
}

@article{liang2024mapping,
  title={Mapping the Increasing Use of LLMs in Scientific Papers},
  author={Liang, Weixin and Zhang, Eric and others},
  booktitle = {Proceedings of the Conference on Language Modeling (COLM)},
  year={2024},
}

@article{nguyen2024turning,
  title={Turning up the heat: Min-p sampling for creative and coherent llm outputs},
  author={Nguyen, Minh and Baker, Andrew and Neo, Clement and Roush, Allen and Kirsch, Andreas and Shwartz-Ziv, Ravid},
  booktitle={International Conference on Learning Representations},
  year={2025}
}

@article{pei2025optimal,
  title={Optimal Stepsize for Diffusion Sampling},
  author={Pei, Jianning and Hu, Han and Gu, Shuyang},
  journal={arXiv preprint arXiv:2503.21774},
  year={2025},
}

@article{leng2025repae,
  title={REPA-E: Unlocking VAE for End-to-End Tuning with Latent Diffusion Transformers},
  author={Leng, Xingjian and Singh, Jaskirat and Hou, Yunzhong and Xing, Zhenchang and Xie, Saining and Zheng, Liang},
  journal={arXiv preprint arXiv:2504.10483},
  year={2025},
  url={https://arxiv.org/abs/2504.10483}
}

@article{defazio2024road,
  title={The road less scheduled},
  author={Defazio, Aaron and Yang, Xingyu and Khaled, Ahmed and Mishchenko, Konstantin and Mehta, Harsh and Cutkosky, Ashok},
  journal={Advances in Neural Information Processing Systems},
  volume={37},
  pages={9974--10007},
  year={2024}
}

@article{wen2025principal,
  title={" Principal Components" Enable A New Language of Images},
  author={Wen, Xin and Zhao, Bingchen and Elezi, Ismail and Deng, Jiankang and Qi, Xiaojuan},
  journal={arXiv preprint arXiv:2503.08685},
  year={2025}
}

@article{alberti2025data,
  title={Data unlearning in diffusion models},
  author={Alberti, Silas and Hasanaliyev, Kenan and Shah, Manav and Ermon, Stefano},
  booktitle={International Conference on Learning Representations (ICLR)},
  year={2025}
}

@inproceedings{shi2025tabdiff,
  title={TabDiff: a Mixed-type Diffusion Model for Tabular Data Generation},
  author={Shi, Juntong and Xu, Minkai and Hua, Harper and Zhang, Hengrui and Ermon, Stefano and Leskovec, Jure},
  booktitle={International Conference on Learning Representations (ICLR)},
  year={2025},
  url={https://openreview.net/forum?id=swvURjrt8z}
}

@article{lee2024robust,
  title={Robust Weight Initialization for Tanh Neural Networks with Fixed Point Analysis},
  author={Lee, Hyunwoo and Choi, Hayoung and Kim, Hyunju},
  booktitle={International Conference on Learning Representations (ICLR)},
  year={2025}
}

\begin{table}[htbp]
    \centering
    \caption{Overview of Papers in \bench.}
    \label{tab:paper_list}
    \rowcolors{2}{gray!5}{white}
    \renewcommand{\arraystretch}{1.1}
    \setlength{\tabcolsep}{4pt}
    \begin{small}
    % Use tabularx, apply RaggedRight and itshape to the X column
    % Use m for the source column, maybe centered
    \begin{tabularx}{\textwidth}{@{} >{\RaggedRight\itshape}X >{\centering\arraybackslash}m{2cm} @{}}
        \toprule
        \textbf{Paper Title}                                                                         & \textbf{Source}      \\
        \midrule
        Advantage Alignment Algorithms~\cite{duque2025advantage}                                                      & ICLR2025    \\ % Remove \emph{}
        Differential Transformer~\cite{ye2025differential}                                                            & ICLR2025    \\
        Diffusion Model Alignment Using Direct Preference Optimization~\cite{wallace2024diffusion}                      & CVPR2024   \\
        Transformers without Normalization~\cite{zhu2025transformers}                                                  & CVPR2025    \\
        Your ViT is Secretly an Image Segmentation Model~\cite{kerssies2025your}                                    & CVPR2025    \\
        Fractal Generative Models~\cite{li2025fractal}                                                           & arXiv2025   \\
        Gaussian Mixture Flow Matching Models~\cite{chen2025gaussian}                                               & arXiv2025   \\
        GPS: A Probabilistic Distributional Similarity with Gumbel Priors for Set-to-Set Matching~\cite{Li2025gps} & ICLR2025    \\
        On Conformal Isometry of Grid Cells: Learning Distance-Preserving Position Embedding~\cite{xu2025conformal} & ICLR2025    \\
        Attention as a Hypernetwork~\cite{schug2025attention}                                                         & ICLR2025    \\
        Second-Order Min-Max Optimization with Lazy Hessians~\cite{chen2025second}                                & ICLR2025    \\
        Mapping the increasing use of LLMs in scientific papers~\cite{liang2024mapping}                             & COLM2024    \\
        Min-p Sampling for Creative and Coherent LLM Outputs~\cite{nguyen2024turning}                                & ICLR2025    \\
        Optimal Stepsize for Diffusion Sampling~\cite{pei2025optimal}                                             & arXiv2025   \\
        REPA-E: Unlocking VAE for End-to-End Tuning with Latent Diffusion Transformers~\cite{leng2025repae}      & arXiv2025   \\
        The Road Less Scheduled~\cite{defazio2024road}                                                             & NeurIPS2024 \\
        Principal Components Enable A New Language of Images~\cite{wen2025principal}                                & arXiv2025   \\
        Data Unlearning in Diffusion Models~\cite{alberti2025data}                                                 & ICLR2025    \\
        TabDiff: a Mixed-type Diffusion Model for Tabular Data Generation~\cite{shi2025tabdiff}                   & ICLR2025    \\
        Robust Weight Initialization for Tanh Neural Networks with Fixed Point Analysis~\cite{lee2024robust}     & ICLR2025    \\
        \bottomrule
    \end{tabularx}
    \end{small}
\end{table}

